@book{reilly2011investment,
  title={Investment analysis and portfolio management},
  author={Reilly, Frank K and Brown, Keith C},
  year={2011},
  publisher={Cengage Learning}
}

@article{markowitz1952portfolio,
  title={Portfolio selection},
  author={Markowitz, Harry},
  journal={The journal of finance},
  volume={7},
  number={1},
  pages={77--91},
  year={1952},
  publisher={Wiley Online Library}
}

@inproceedings{gao2000algorithm,
  title={An algorithm for trading and portfolio management using q-learning and sharpe ratio maximization},
  author={Gao, Xiu and Chan, Laiwan},
  booktitle={Proceedings of the international conference on neural information processing},
  pages={832--837},
  year={2000}
}

@article{jiang2017deep,
  title={A deep reinforcement learning framework for the financial portfolio management problem},
  author={Jiang, Zhengyao and Xu, Dixing and Liang, Jinjun},
  journal={arXiv preprint arXiv:1706.10059},
  year={2017}
}

@article{niaki2013forecasting,
  title={Forecasting S\&P 500 index using artificial neural networks and design of experiments},
  author={Niaki, Seyed Taghi Akhavan and Hoseinzade, Saeid},
  journal={Journal of Industrial Engineering International},
  volume={9},
  number={1},
  pages={1},
  year={2013},
  publisher={Springer}
}

@article{freitas2009prediction,
  title={Prediction-based portfolio optimization model using neural networks},
  author={Freitas, Fabio D and De Souza, Alberto F and de Almeida, Ailson R},
  journal={Neurocomputing},
  volume={72},
  number={10-12},
  pages={2155--2170},
  year={2009},
  publisher={Elsevier}
}

@phdthesis{cumming2015investigation,
  title={An investigation into the use of reinforcement learning techniques within the algorithmic trading domain},
  author={Cumming, James and Alrajeh, Dr Dalal and Dickens, Luke},
  year={2015},
  school={Master’s thesis, Imperial College London, United Kiongdoms, 2015. URL http~…}
}

@article{stoyanov2007optimal,
  title={Optimal financial portfolios},
  author={Stoyanov, Stoyan V and Rachev, Svetlozar T and Fabozzi, Frank J},
  journal={Applied Mathematical Finance},
  volume={14},
  number={5},
  pages={401--436},
  year={2007},
  publisher={Taylor \& Francis}
}

@book{sutton2018reinforcement,
  title={Reinforcement learning: An introduction},
  author={Sutton, Richard S and Barto, Andrew G},
  year={2018},
  publisher={MIT press}
}

@article{kaelbling1996reinforcement,
  title={Reinforcement learning: A survey},
  author={Kaelbling, Leslie Pack and Littman, Michael L and Moore, Andrew W},
  journal={Journal of artificial intelligence research},
  volume={4},
  pages={237--285},
  year={1996}
}

@incollection{van2012reinforcement,
  title={Reinforcement learning and markov decision processes},
  author={van Otterlo, Martijn and Wiering, Marco},
  booktitle={Reinforcement Learning},
  pages={3--42},
  year={2012},
  publisher={Springer}
}

@book{white2001markov,
  title={Markov decision processes},
  author={White, CC},
  year={2001},
  publisher={Springer}
}